@article{tzanetakis2002musical,
	title={Musical genre classification of audio signals},
	author={Tzanetakis, George and Cook, Perry},
	journal={IEEE Transactions on speech and audio processing},
	volume={10},
	number={5},
	pages={293--302},
	year={2002},
	publisher={IEEE}
}

@inproceedings{dieleman2013multiscale,
	title={Multiscale approaches to music audio feature learning},
	author={Dieleman, Sander and Schrauwen, Benjamin},
	booktitle={14th International Society for Music Information Retrieval Conference (ISMIR-2013)},
	pages={116--121},
	year={2013},
	organization={Pontif{\'\i}cia Universidade Cat{\'o}lica do Paran{\'a}}
}

@inproceedings{celma2005foafing,
	title={Foafing the music: A music recommendation system based on RSS feeds and user preferences},
	author={Celma, {\`O}scar and Ram{\'\i}rez, Miquel and Herrera, Perfecto},
	booktitle={in ISMIR},
	year={2005},
	organization={Citeseer}
}

@inproceedings{van2013deep,
	title={Deep content-based music recommendation},
	author={Van den Oord, Aaron and Dieleman, Sander and Schrauwen, Benjamin},
	booktitle={Advances in neural information processing systems},
	pages={2643--2651},
	year={2013}
}

@inproceedings{li2003comparative,
	title={A comparative study on content-based music genre classification},
	author={Li, Tao and Ogihara, Mitsunori and Li, Qi},
	booktitle={Proceedings of the 26th annual international ACM SIGIR conference on Research and development in informaion retrieval},
	pages={282--289},
	year={2003},
	organization={ACM}
}


@article{rohit2011convolutional,
	title={A convolutional neural network model of the neural responses of inferotemporal cortex to complex visual objects},
	author={Rohit, Satish and Chakravarthy, Srinivasa},
	journal={BMC neuroscience},
	volume={12},
	number={1},
	pages={P35},
	year={2011},
	publisher={BioMed Central}
}

@incollection{izenman2013linear,
	title={Linear discriminant analysis},
	author={Izenman, Alan Julian},
	booktitle={Modern multivariate statistical techniques},
	pages={237--280},
	year={2013},
	publisher={Springer}
}

@article{wold1987principal,
	title={Principal component analysis},
	author={Wold, Svante and Esbensen, Kim and Geladi, Paul},
	journal={Chemometrics and intelligent laboratory systems},
	volume={2},
	number={1-3},
	pages={37--52},
	year={1987},
	publisher={Elsevier}
}

@inproceedings{li2003comparative,
	title={A comparative study on content-based music genre classification},
	author={Li, Tao and Ogihara, Mitsunori and Li, Qi},
	booktitle={Proceedings of the 26th annual international ACM SIGIR conference on Research and development in informaion retrieval},
	pages={282--289},
	year={2003},
	organization={ACM}
}

@inproceedings{park2006context,
	title={A context-aware music recommendation system using fuzzy bayesian networks with utility theory},
	author={Park, Han-Saem and Yoo, Ji-Oh and Cho, Sung-Bae},
	booktitle={International conference on Fuzzy systems and knowledge discovery},
	pages={970--979},
	year={2006},
	organization={Springer}
}

@article{maaten2008visualizing,
	title={Visualizing data using t-SNE},
	author={Maaten, Laurens van der and Hinton, Geoffrey},
	journal={Journal of machine learning research},
	volume={9},
	number={Nov},
	pages={2579--2605},
	year={2008}
}

@inproceedings{bertin2011million,
	title={The Million Song Dataset.},
	author={Bertin-Mahieux, Thierry and Ellis, Daniel PW and Whitman, Brian and Lamere, Paul},
	booktitle={Ismir},
	volume={2},
	number={9},
	pages={10},
	year={2011}
}

@article{gisbrecht2015parametric,
	title={Parametric nonlinear dimensionality reduction using kernel t-SNE},
	author={Gisbrecht, Andrej and Schulz, Alexander and Hammer, Barbara},
	journal={Neurocomputing},
	volume={147},
	pages={71--82},
	year={2015},
	publisher={Elsevier}
}

@incollection{van2012self,
	title={Self-organizing maps},
	author={Van Hulle, Marc M},
	booktitle={Handbook of Natural Computing},
	pages={585--622},
	year={2012},
	publisher={Springer}
}

@article{bunte2012general,
	title={A general framework for dimensionality-reducing data visualization mapping},
	author={Bunte, Kerstin and Biehl, Michael and Hammer, Barbara},
	journal={Neural Computation},
	volume={24},
	number={3},
	pages={771--804},
	year={2012},
	publisher={MIT Press}
}

@inproceedings{zheng2017music,
	title={Music Genre Classification: A N-Gram Based Musicological Approach},
	author={Zheng, Eve and Moh, Melody and Moh, Teng-Sheng},
	booktitle={Advance Computing Conference (IACC), 2017 IEEE 7th International},
	pages={671--677},
	year={2017},
	organization={IEEE}
}